<?xml version="1.0" encoding="UTF-8"?><collection xmlns="http://www.loc.gov/MARC21/slim"><record><leader>00488nam--2200145-i-4500</leader><controlfield tag="001">000010932</controlfield><controlfield tag="002">20161230</controlfield><controlfield tag="005">20170207235751</controlfield><controlfield tag="008">060222s1000------------r-----000-0-eng-d</controlfield><datafield ind1=" " ind2=" " tag="100"><subfield code="a">Carnoy, Michel</subfield></datafield><datafield ind1=" " ind2=" " tag="245"><subfield code="a">Determination des conditions d equilibre de fl ux dans un reacteur de la filiere a haute temp erature</subfield><subfield code="b">these</subfield></datafield><datafield ind1=" " ind2=" " tag="260"><subfield code="a">Grenoble</subfield><subfield code="b">Faculte Des Sciences De L Universite De Grenoble</subfield><subfield code="c">1971</subfield></datafield><datafield ind1=" " ind2=" " tag="300"><subfield code="a">95 p. + 36 Fig</subfield></datafield><datafield ind1=" " ind2=" " tag="852"><subfield code="a">621.039.519(043)</subfield></datafield><datafield ind1=" " ind2=" " tag="CAT"><subfield code="a">SYS</subfield><subfield code="c">20170207</subfield><subfield code="h">235751</subfield></datafield></record></collection>